2762 3312
277 193 309 233 6

273 327 377 372 aliis
401 327 444 371 ei
470 326 693 371 tributum
714 335 762 371 et
780 325 1041 372 Maecenati
1060 335 1246 379 notum,
1295 326 1344 371 in
1377 324 1464 374 hac
1493 325 1719 372 familiari
1737 312 1933 390 epistola
1958 334 2258 391 usurparet}
2281 326 2374 375 iam
2395 327 2545 400 ἥκιιιι

272 392 470 437 nominis
491 392 760 443 insolentia,
800 392 864 436 in
865 393 967 439 eius
991 381 1140 437 forma
1165 392 1337 454 pariter
1362 409 1416 437 ac
1440 393 1649 437 notione
1654 391 1900 455 conspicua
1915 425 1929 445 ,
1962 408 2110 438 meam
2141 393 2454 451 suspicionem
2454 389 2548 441 'ad-

268 458 410 501 iuvat.
479 458 581 501 Non
603 457 764 518 inepte
787 456 842 500 G.
868 456 1100 501 Fabricius
1131 455 1248 500 illud
1282 455 1340 500 ab
1367 455 1529 508 Iarba,
1552 456 1735 502 Africae
1769 471 1898 519 rege,
1931 454 2142 509 deducit,
2155 462 2317 518 quein
2333 456 2542 508 Didonin
2570 463 2596 500 .'

270 531 519 565 amatorem
543 531 684 581 atque
714 523 900 566 Aeneae
926 520 1154 566 aemulum
1185 521 1323 565 fuisse
1354 537 1379 565 e
1409 517 1566 582 Virgil.
1594 523 1708 566 Aen.
1727 520 1803 573 IV,
1827 524 1902 576 36.
1936 531 1984 566 et
2013 525 2142 579 ⁸96
2163 519 2540 571 Ovifflmaem·
2598 533 2601 535 ’

271 596 380 640 552.
415 584 472 629 cf.
498 584 579 629 sih
607 584 752 632 lta1.1.
777 594 885 646 417.
909 594 1096 630 constat.
1164 583 1339 645 Quodsi
1358 594 1468 631 vero
1489 584 1612 630 idem
1632 585 1705 630 vir
1728 582 1888 632 doctus
1908 583 2033 633 hunc
2051 586 2268 633 Maurum
2287 585 2353 633 in
2369 582 2544 644 filetum

268 665 365 695 esse
384 650 636 722 opinatur,
662 648 812 711 quod,
835 660 902 693 ut
920 650 1000 693 ille
1021 652 1242 701 Aeneam,
1275 650 1339 694 ita
1365 646 1442 693 hic
1452 650 1742 710 Timagenem
1763 650 1822 694 sit
1838 650 2119 697 aemulatus·
2104 679 2118 700 .
2140 654 2326 706 ,ἢτοι-θοι,
2347 653 2407 696 ιιό
2427 646 2542 696 baec

267 714 478 787 opinatio
500 711 748 758 admodum
773 714 882 764 levi,
919 712 1042 771 quod
1067 731 1093 758 a
1111 712 1290 758 diuerso
1314 713 1630 759 aemulationis
1651 711 1803 758 studio
1825 714 2030 775 petitur,
2052 715 2331 775 argumento
2350 712 2540 765 nitatur
2558 712 2563 715 ⁵

267 776 319 823 Si
342 787 493 822 tamen
515 778 564 822 in
584 793 635 823 re
656 788 747 823 tam
770 780 946 822 incerta
966 777 1223 823 coniectare
1243 778 1492 830 malumus,
1509 793 1679 842 quam
1696 777 2004 839 ignorantiam
2033 777 2170 824 fateri
2191 785 2420 827 nostram
2454 785 2548 831 est„

267 840 403 912 quod
417 842 724 905 suspicemur,
760 843 976 886 Maurum
999 842 1154 894 illum,
1191 858 1330 904 quem
1352 834 1586 886 hominem
1607 842 1745 886 fastus
1769 851 1815 886 et
1836 842 2059 888 vanitatis
2064 842 2378 905 plenissimum
2399 840 2541 891 fuisse

301 916 419 957 atet.
455 923 588 951 suum
608 923 749 967 genus
771 905 829 951 de
848 906 1050 979 mythico
1070 907 1158 951 isto
1179 907 1362 950 Africae
1383 913 1497 966 rege
1520 900 1787 958 deduxisse,
1831 905 2032 967 ideoque
2063 922 2169 950 eum
2198 904 2413 952 ridiculo,
2435 906 2537 948 Iar-

237 964 242 969 ’
265 922 330 1014 git
296 980 384 1014 ttae
407 970 592 1017 nomine
616 970 785 1017 fuisse
773 971 1075 1033 insignitum.
1122 968 1237 1024 Sed,
1274 967 1505 1034 quidquid
1524 979 1615 1024 est,
1648 986 1746 1016 rem
1779 969 2035 1017 conficiunt
2063 967 2233 1017 diserta
2263 971 2371 1017 vett.
2400 967 2537 1015 Com·

263 1044 577 1080 mentatorum
599 1037 872 1081 testimonia.
940 1038 1054 1081 Nam
1085 1035 1318 1100 Cruquius
1347 1037 1395 1079 in
1429 1032 1614 1080 Auctar.
1647 1034 1774 1089 Com.
1810 1037 1907 1081 Vet-
1943 1039 2124 1099 p--694
2158 1033 2271 1080 haec
2302 1035 2535 1083 enotavit.

264 1103 396 1150 Nam
427 1100 497 1144 hic
518 1100 719 1154 Iarbita,
764 1104 966 1145 Maurus
997 1105 1205 1176 regione,
1227 1100 1332 1160 fuit
1365 1102 1538 1144 Cordus
1568 1111 1655 1146 etc.
1681 1111 1737 1145 et
1764 1051 1975 1146 Carolusp
1977 1102 2066 1145 Fea
2104 1102 2151 1145 Τ.
2176 1103 2233 1144 11.
2268 1113 2450 1163 p1251.
2483 1101 2541 1145 in

262 1168 355 1211 Ms.
383 1163 453 1211 Ch
492 1136 826 1240 Porphyrionis
849 1176 1003 1211 notam
1024 1167 1088 1211 ita
1110 1166 1324 1229 scriptam
1343 1165 1545 1212 invenit:
1575 1166 1672 1211 Hic
1699 1162 1883 1212 barbita
1912 1179 2100 1209 nuzurus
2113 1160 2218 1225 fuit
2243 1164 2405 1210 cordus
2434 1164 2534 1224 qui·

250 1230 374 1279 ,dam
393 1231 663 1291 tirnaginem
701 1232 918 1274 imitatus.
972 1232 1146 1283 Nemo,
1180 1231 1374 1294 opinor,
1408 1229 1522 1275 adeo
1554 1230 1746 1293 iniquus
1774 1228 1864 1274 erit
1893 1230 1942 1274 in
1973 1238 2148 1275 veteres
2177 1228 2367 1275 Horatii
2389 1230 2535 1276 Inter-z

260 1304 438 1403 praes,
476 1295 591 1356 quin
612 1294 721 1340 huic
745 1311 905 1340 eorum
928 1296 1192 1341 testimonio
1216 1294 1393 1357 aliquid
1417 1293 1712 1339 tribuendum
1736 1309 1832 1340 esse
1853 1294 2079 1349 fateatur,
2125 1309 2220 1388 quo
2252 1307 2419 1340 verum
2439 1296 2536 1338 Iar·
2595 1310 2597 1312 ·

293 1369 387 1403 itae
408 1370 602 1411 nomen,
636 1358 764 1421 quod
785 1360 929 1420 igitur
950 1360 1121 1403 Cordus
1147 1359 1256 1411 fuit,
1291 1358 1425 1404 nobis
1446 1367 1673 1404 servatum
1694 1367 1775 1403 est.
2113 1386 2123 1396 ι
2531 1396 2536 1400 ,

392 1421 510 1466 Cum
550 1393 678 1468 hicce
722 1422 900 1468 Co‘rdus
933 1423 991 1468 ab
1019 1423 1258 1485 ingenioso
1291 1424 1535 1499 Timagene
1562 1436 1731 1467 coenae
1760 1437 1814 1467 ac
1842 1420 2163 1467 declamationi
2193 1422 2255 1468 sit
2278 1419 2536 1476 adbibitus,

259 1486 357 1539 veri
375 1476 444 1530 est
466 1503 691 1560 perquam
711 1487 881 1540 simile,
910 1487 1124 1533 habuisse
1146 1504 1250 1532 eum
1269 1486 1359 1535 ιιΒ
1347 1487 1535 1548 iugenio
1553 1496 1600 1532 et
1619 1485 1828 1531 doctrina
1850 1486 2052 1548 aliquam
2072 1485 2530 1539 commendationem,

259 1550 370 1595 licet
389 1549 542 1596 adhuc
561 1552 786 1596 incertum
809 1553 890 1604 sit,
925 1551 1143 1597 rhetorne
1164 1552 1331 1604 fuerit,
1364 1568 1422 1596 an
1446 1561 1596 1614 poeta.
1664 1552 1827 1613 Neque
1844 1551 1977 1597 inter
2005 1551 2281 1614 interpretes
2299 1551 2527 1604 convenit.

257 1628 356 1678 quo
378 1631 511 1661 sensu
544 1624 586 1661 ‘v.
622 1617 746 1675 rupit
780 1617 838 1662 sit
859 1615 1190 1679 accipiendum.
1267 1615 1536 1664 Wielandus
1557 1615 1616 1660 de
1638 1614 1805 1661 hernia
1818 1616 2012 1677 cogitat,
2043 1613 2346 1661 Haberfeldus
2373 1613 2434 1660 de
2453 1631 2531 1661 ve-

259 1696 424 1725 narum
446 1671 740 1744 diruptione.
776 1679 903 1743 quod
927 1689 1157 1756 praestat,
1218 1690 1265 1726 et
1294 1681 1345 1725 in
1367 1697 1463 1725 rem
1494 1696 1620 1725 suam
1650 1678 1837 1725 laudare
1868 1680 2127 1743 potuisset
2132 1680 2280 1728 Plaut.
2312 1679 2452 1726 Mero
2491 1681 2535 1732 I.

261 1758 304 1795 2,
329 1757 404 1799 27
446 1747 549 1787 Τιια
577 1760 715 1787 causa
737 1747 840 1803 rupi
860 1748 1074 1788 ramices.-
1108 1747 1201 1787 iam
1223 1755 1355 1803 sputo
1374 1746 1657 1805 sanguinem.
1726 1743 1951 1805 Equidem
1970 1743 2089 1788 nihil
2107 1741 2294 1796 dubito,
2330 1744 2444 1806 quin
2469 1742 2530 1794 de

259 1807 410 1855 subita
456 1807 600 1854 Cordi
639 1818 786 1855 morte
826 1808 1118 1871 cogitandum
1163 1810 1246 1862 sit,
1282 1826 1402 1871 quae
1431 1806 1788 1872 diaphragmatis
1817 1806 2153 1871 diruptionem,
2195 1808 2371 1869 ingenti
2403 1807 2528 1854 vocis

255 1873 548 1935 laterumque
573 1874 833 1918 intentione
853 1872 1085 1928 effectam,
1121 1874 1273 1919 statim
1307 1883 1576 1940 sequeretur
1605 1888 1785 1919 necesse
1819 1882 1928 1918 erat.
2007 1875 2059 1918 In
2093 1887 2189 1935 qua
2216 1888 2275 1919 ex
2311 1871 2533 1919 licatione'

256 1954 331 1981 rne
363 1937 563 1983 solennis
597 1955 636 1981 v.
677 1954 884 1995 rumpere
918 1956 1023 1982 usus
1058 1939 1312 1982 confirmat.
1412 1937 1566 1994 Quum
1610 1955 1650 1980 v.
1700 1954 1736 1980 c.
1786 1937 1989 1981 Cicero
1976 1954 2025 1981 m
2057 1938 2199 1999 Epist.
2234 1954 2260 1980 a
2320 1938 2526 1982 Marium

256 2002 309 2048 L.
335 2003 427 2048 VII.
460 2019 498 2046 ι.
534 2000 716 2049 scribit.
761 2002 910 2061 dirupi
928 2018 1071 2077 paene
1090 2019 1161 2047 me
1180 2004 1225 2046 in
1248 1996 1407 2046 iudicio
1421 2002 1760 2058 GalliCaniniig
1791 2000 1907 2051 nihil
1928 1994 2056 2047 aliud
2072 2001 2172 2048 vult
2189 1999 2356 2053 dicere,
2383 2017 2527 2063 quam
2582 2020 2586 2023 ‘

257 2081 304 2112 se
325 2066 448 2111 illius
472 2082 653 2111 causam
676 2082 782 2111 cum
805 2083 910 2112 suae
930 2068 1075 2130 ipsius
1105 2068 1223 2113 vitae
1252 2066 1457 2130 periculo
1484 2067 1642 2130 egisse.
1737 2067 1842 2112 Pari
1876 2064 2014 2114 modo
2043 2066 2273 2112 Plautus'
2260 2081 2309 2111 ιιι
2330 2064 2533 2129 Pmlog.‚.
2589 2088 2601 2102 ι

258 2130 390 2194 Capt-
422 2138 494 2192 ¹4⁴
536 2134 581 2174 E
615 2145 643 2174 0
662 2146 734 2174 me
753 2141 836 2174 tua
857 2148 1019 2184 causa,
1054 2148 1108 2176 ne
1125 2148 1265 2185 erres,
1300 2146 1389 2175 non
1418 2141 1634 2191 rupturns
1662 2146 1775 2175 sum.
1853 2133 1909 2178 Et
1935 2131 2053 2177 bene
2083 2140 2241 2176 contra
2271 2130 2526 2178 Gesnetum

255 2193 314 2241 de
336 2194 424 2240 hac
442 2212 555 2243 voce
610 2197 834 2258 sputavit
859 2198 1062 2258 Heynius
1094 2196 1152 2241 ad
1171 2196 1326 2257 virgil.
1361 2196 1512 2270 Eclog.
1534 2198 1652 2242 VIII.
1676 2209 1765 2252 71.·,
1797 2196 2009 2257 Frigidus
2041 2197 2086 2238 in
2117 2198 2281 2255 pratis-
2293 2195 2536 2245 cantando.

257 2262 487 2318 rumpitur
506 2275 598 2322 ano
575 2263 695 2305 auis.-
729 2277 825 2323 quo
848 2261 897 2305 in
918 2261 1018 2307 loco
1038 2260 1095 2306 de
1110 2261 1248 2307 totius
1269 2261 1477 2324 corporis
1495 2276 1658 2322 compa
1691 2277 1716 2306 e
1724 2258 1919 2328 dirupta
1938 2258 2235 2323 cogitandum
2257 2276 2366 2314 esse,
2386 2258 2524 2306 docet
2585 2261 2588 2264 ’

256 2323 455 2372 Ovidius
478 2328 629 2369 Amor.
654 2328 707 2368 II.
737 2341 777 2378 1,
804 2337 897 2378 25.
924 2328 1134 2368 Carmine
1158 2326 1398 2379 dissiliunt,
1432 2324 1635 2383 abruptis
1643 2277 1888 2386 faucibus
1922 2340 2109 2385 angues.
2174 2323 2373 2377 eDinde,
2429 2321 2522 2369 uod

254 2394 390 2433 nemo
412 2389 743 2451 interpretum,
780 2390 817 2434 si
838 2398 962 2434 recte
990 2390 1204 2441 memini,
1239 2387 1459 2443 advertit,
1494 2399 1661 2453 poetae
1689 2398 1847 2434 nostro
1878 2386 1992 2433 h.l.
2007 2388 2335 2435 obversabatur.
2367 2388 2389 2433 f
2462 2387 2520 2433 »la

253 2453 335 2510 illa
357 2450 430 2498 de
435 2455 559 2497 Rana
582 2463 630 2497 et
649 2454 790 2506 Bove,
824 2455 983 2517 pueris
1004 2471 1063 2499 ex
1084 2453 1275 2500 Phaedr.
1308 2456 1359 2498 L.
1383 2457 1417 2505 I,
1441 2462 1515 2516 24.
1535 2464 1667 2506 nota,
1691 2471 1830 2517 quam
1852 2455 1952 2518 ipse
1970 2452 2308 2507 Satirar.11,5,
2330 2466 2519 2515 5127ffsq

255 2517 506 2591 exposuit,
533 2516 613 2561 ubi
634 2534 675 2562 v.
699 2531 805 2575 319.
844 2520 973 2571 Non,
1007 2520 1044 2562 si
1079 2529 1122 2562 ce
1153 2521 1349 2577 ruperis,
1389 2520 1556 2576 inquit,
1592 2519 1685 2561 Par
1713 2520 1810 2562 eris.
1907 2517 2057 2575 Quam
2090 2516 2292 2563 fabulam
2320 2517 2432 2562 item
2461 2515 2537 2563 do-

253 2598 398 2657 prava
419 2591 466 2627 et
484 2580 651 2628 insana
670 2581 892 2645 Torquati
923 2592 968 2628 et
1000 2582 1189 2630 Otacilii
1220 2583 1526 2628 aemulatione
1559 2573 1752 2647 loquens
1777 2583 2016 2646 usurpavit
2035 2582 2263 2630 Martialis
2282 2583 2332 2628 L.
2352 2583 2425 2628 X.
2435 2588 2521 2645 *ep

254 2651 332 2704 79,
357 2665 399 2706 9.
439 2647 648 2691 Grandis-
658 2658 710 2690 ιιι
732 2649 952 2707 exiguam
974 2648 1049 2691 bos
1075 2664 1239 2704 ranqm
1260 2658 1446 2707 ruperat
1470 2649 1608 2697 olim;
1638 2650 1721 2701 sic,
1750 2658 1886 2707 puto,
1927 2650 2181 2707 Torquatus
2203 2657 2382 2706 rumpet
2408 2648 2520 2691 Ota*

238 2711 420 2757 cilium.
488 2710 692 2757 Cordum
713 2712 856 2772 igitur
878 2712 1037 2772 lingua
1066 2714 1326 2772 Timagenis
1348 2712 1530 2756 aemula
1551 2711 1595 2755 h.
1621 2730 1658 2757 e.
1682 2714 1841 2773 inepta
1863 2711 2051 2757 ambitio
2077 2722 2122 2756 et
2139 2713 2350 2759 insanum
2371 2712 2520 2758 Tima-

252 2792 421 2849 genem
439 2775 630 2837 eiusque
651 2776 700 2821 in
720 2773 1017 2822 declamando
1042 2777 1363 2839 praestantiam
1384 2775 1596 2822 imitandi
1627 2775 1950 2850 aequandique
1970 2774 2170 2821 studium
2203 2785 2251 2821 et
2267 2775 2533 2828 contentio,-

254 2842 377 2898 rupz't
409 2841 438 2884 i.
462 2856 499 2884 e.
521 2838 698 2894 effecit,
733 2851 806 2892 ut,
839 2844 990 2904 ruptis
1010 2841 1175 2894 ilibus,
1209 2841 1559 2887 miserandum
1547 2858 1595 2886 ιιι
1628 2841 1815 2886 modum
1844 2841 2032 2904 periret.
2099 2839 2276 2898 Quodsi
2293 2840 2418 2886 enim
2442 2836 2521 2884 de-

253 2903 493 2955 clamando
515 2907 706 2949 ramices
730 2915 907 2949 tantum
927 2907 1133 2968 rupisset
1151 2923 1230 2949 seu
1250 2905 1489 2950 herniosus
1510 2906 1710 2956 abiisset,
1741 2903 1873 2949 valde
1902 2904 2089 2955 dubito,
2125 2921 2236 2948 num
2258 2903 2336 2949 hie
2354 2903 2520 2947 infelix

253 2984 382 3015 casus
426 2977 622 3026 tantam,
680 2978 902 3033 quantam
952 2967 1159 3025 videtur,
1213 2971 1381 3018 Romae
1427 2970 1672 3018 excitasset
1722 2968 2033 3041 attentionem
2064 2968 2219 3017 nescio
2264 2965 2414 3016 dicam
2443 2980 2520 3035 nn

377 3190 387 3211 l
